<record><leader>00000cas a22000007a 4500</leader><controlfield tag="001">29700981</controlfield><controlfield tag="008">940128d18431844mauwr ne      0    0eng d</controlfield><datafield ind1=" " ind2=" " tag="010"><subfield code="a">sn 93059392 </subfield></datafield><datafield ind1=" " ind2=" " tag="040"><subfield code="a">MGN</subfield><subfield code="b">eng</subfield><subfield code="c">MGN</subfield><subfield code="d">OCLCQ</subfield></datafield><datafield ind1=" " ind2=" " tag="042"><subfield code="a">msc</subfield></datafield><datafield ind1=" " ind2="4" tag="050"><subfield code="a">BX9901</subfield><subfield code="b">.E9</subfield></datafield><datafield ind1="0" ind2=" " tag="130"><subfield code="a">Evangelist (Salem, Mass.)</subfield></datafield><datafield ind1="1" ind2="4" tag="245"><subfield code="a">The evangelist.</subfield></datafield><datafield ind1=" " ind2=" " tag="260"><subfield code="a">Salem [Mass.] :</subfield><subfield code="b">Samuel T. Damon</subfield></datafield><datafield ind1=" " ind2=" " tag="300"><subfield code="a">v.</subfield></datafield><datafield ind1=" " ind2=" " tag="310"><subfield code="a">Weekly</subfield></datafield><datafield ind1="0" ind2=" " tag="362"><subfield code="a">Vol. 1, no. 1 (Aug. 12, 1843)-v. 1, no. 27 (Feb. 17, 1844).</subfield></datafield><datafield ind1=" " ind2=" " tag="500"><subfield code="a">Editors: L.S. Everett, J.M. Austin, and S.C. Buckeley.</subfield></datafield><datafield ind1=" " ind2=" " tag="752"><subfield code="a">United States</subfield><subfield code="b">Massachusetts</subfield><subfield code="c">Essex</subfield><subfield code="d">Salem.</subfield></datafield><datafield ind1="0" ind2=" " tag="775"><subfield code="t">Essex County reformer</subfield><subfield code="w">(DLC)sn 93059377</subfield></datafield></record>